@article{highPulsedMagnet,
	author = "Scott A. Crooker, Nitin Samarth",
	title = "Tuning magnetic disorder in diluted magnetic semiconductors using high fields to 89 Tesla",
	journal = "International Journal of Modern Physics B (IJMPB)",
	volume = "23",
	number = "12-13",
	pages = "2575-2584",
	year = "2009",
}

@article{recordField,
	author = "Boyko, B.A. and Bykov, A.I. and Dolotenko, M.I. and Kolokolchikov, N.P. and Markevtsev, I.M. and Tatsenko, O.M. and Shuvalov, K.",
	title = "With record magnetic fields to the 21st Century",
	journal = "Pulsed Power Conference, 1999. Digest of Technical Papers. 12th IEEE International",
	volume = "2",
	pages = "746-749",
	year = "1999",
}

@proceedings{ironSaturation,
	author = "Daniel Sadarnac",
	title = "Les composants magn√©tiques de l'\'electronique de puissance",
	organization = "Sup\'elec",
	year = "2001",
	month = "March",
}
